@misc{brookhaven,
   author = {{Brookhaven National Laboratory}},
   note = {https://www.bnl.gov/nsrl/userguide/bragg-curves-and-peaks.php},
   url = {https://www.bnl.gov/nsrl/userguide/bragg-curves-and-peaks.php},
   year = {2017},
   title = {Bragg Curves and Peaks}
}

@misc{table,
   author = {{Nuclear Data Center at KAERI}},
   note = {https://atom.kaeri.re.kr/nuchart/?zlv=1\#},
   year = {2015},
   title = {Table of Nuclides}
}

@article{roessler,
   title = {Why Polonium-210?},
   author = {Gen Roessler},
   journal = {Health Physics News},
   volume = {35},
   number = {2},
   year = {2007}
}

@misc{kovash,
   title = {Alpha Particle Spectroscopy: Bragg Curve and Range in Air},
   note = {Lab manual},
   author = {Michael Kovash},
   year = {2022}
}